@inproceedings{chaudhuri1997efficient,
  title={An efficient, cost-driven index selection tool for Microsoft SQL server},
  author={Chaudhuri, Surajit and Narasayya, Vivek R},
  booktitle={VLDB},
  volume={97},
  pages={146--155},
  year={1997},
  organization={Citeseer}
}
@inproceedings{papadomanolakis2007integer,
  title={An integer linear programming approach to database design},
  author={Papadomanolakis, Stratos and Ailamaki, Anastassia},
  booktitle={Data Engineering Workshop, 2007 IEEE 23rd International Conference on},
  pages={442--449},
  year={2007},
  organization={IEEE}
}

@phdthesis{dash2011automated,
  title={Automated Physical Design: A Combinatorial Optimization Approach},
  author={Dash, Debabrata},
  year={2011},
  school={Intel}
}
